<record><leader>00000cas a22000007a 4500</leader><controlfield tag="001">16160563</controlfield><controlfield tag="008">870710d18941895iaucr ne      0    0eng d</controlfield><datafield ind1=" " ind2=" " tag="010"><subfield code="a">sn 87057761 </subfield></datafield><datafield ind1=" " ind2=" " tag="040"><subfield code="a">INP</subfield><subfield code="b">eng</subfield><subfield code="c">INP</subfield><subfield code="d">OCLCQ</subfield></datafield><datafield ind1=" " ind2=" " tag="042"><subfield code="a">msc</subfield></datafield><datafield ind1="0" ind2=" " tag="130"><subfield code="a">Semi-weekly sentinel (Shenandoah, Iowa)</subfield></datafield><datafield ind1="1" ind2="0" tag="245"><subfield code="a">Semi-weekly sentinel.</subfield></datafield><datafield ind1="1" ind2="3" tag="246"><subfield code="a">Shenandoah sentinel</subfield></datafield><datafield ind1=" " ind2=" " tag="260"><subfield code="a">Shenandoah, Page County, Iowa :</subfield><subfield code="b">C.N. Marvin,</subfield><subfield code="c">1894-1895.</subfield></datafield><datafield ind1=" " ind2=" " tag="300"><subfield code="a">2 v.</subfield></datafield><datafield ind1=" " ind2=" " tag="310"><subfield code="a">Semiweekly</subfield></datafield><datafield ind1="0" ind2=" " tag="362"><subfield code="a">Vol. 7, no. 19 (Jan. 26, 1894)-v. 8, no. 51 (May 17, 1895).</subfield></datafield><datafield ind1=" " ind2=" " tag="752"><subfield code="a">United States</subfield><subfield code="b">Iowa</subfield><subfield code="c">Page</subfield><subfield code="d">Shenandoah.</subfield></datafield><datafield ind1="0" ind2="0" tag="780"><subfield code="t">Shenandoah sentinel</subfield><subfield code="w">(DLC)sn 87057486</subfield></datafield><datafield ind1="0" ind2="5" tag="780"><subfield code="t">Braddyville post</subfield></datafield><datafield ind1="0" ind2="0" tag="785"><subfield code="t">Tri-weekly sentinel (Shenandoah, Iowa)</subfield><subfield code="w">(DLC)sn 87057762</subfield></datafield></record>